@article{example_article,
    author  = {Herbert B. Enderton},
    title   = {A Mathematical Introduction to Logic},
    year    = {2001},
    volume  = {Second Edition},
    pages   = {80-105},
}
